@inproceedings{groth2016size,
  author    = {Jens Groth},
  title     = {On the Size of Pairing-Based Non-Interactive Arguments},
  booktitle = {EUROCRYPT 2016},
  series    = {LNCS},
  volume    = {9665},
  pages     = {305--326},
  publisher = {Springer},
  year      = {2016},
  url       = {https://www.iacr.org/archive/eurocrypt2016/96650272/96650272.pdf}
}

@inproceedings{ames2017ligero,
  author    = {S. Ames and M. Venkitasubramaniam and R. Venkatesan and M. Vidick and D. Wichs},
  title     = {Ligero: Lightweight Sublinear Arguments Without a Trusted Setup},
  booktitle = {ACM CCS 2017},
  pages     = {2087--2104},
  publisher = {ACM},
  year      = {2017},
  url       = {https://dl.acm.org/doi/10.1145/3133956.3134104}
}

@inproceedings{aurora-eurocrypt19,
  author    = {Eli Ben{-}Sasson and Alessandro Chiesa and Michael A. Forbes and Alex Ozdemir and Lior Rotem and Nicholas Spooner},
  title     = {Aurora: Transparent Succinct Arguments for {R1CS}},
  booktitle = {EUROCRYPT 2019},
  series    = {LNCS},
  volume    = {11476},
  pages     = {103--128},
  publisher = {Springer},
  year      = {2019},
  url       = {https://www.iacr.org/archive/eurocrypt2019/114760150/114760150.pdf}
}

@inproceedings{brakedown-crypto23,
  author    = {Aleksei Golovnev and Daniel Kane and Venkata Koppula and Ilia Krasikov and Tal Malkin and Rafail Ostrovsky and others},
  title     = {Brakedown: Linear-Time and Field-Agnostic SNARKs for {R1CS}},
  booktitle = {CRYPTO 2023},
  series    = {LNCS},
  pages     = {189--221},
  publisher = {Springer},
  year      = {2023},
  doi       = {10.1007/978-3-031-38545-2_7},
  url       = {https://dl.acm.org/doi/10.1007/978-3-031-38545-2_7}
}

@inproceedings{coconut-ndss18,
  author    = {Alberto Sonnino and Mustafa Al{-}Bassam and Shehar Bano and Sarah Meiklejohn and George Danezis},
  title     = {Coconut: Threshold Issuance Selective Disclosure Credentials with Applications to Distributed Ledgers},
  booktitle = {NDSS 2018},
  publisher = {Internet Society},
  year      = {2018},
  url       = {https://www.ndss-symposium.org/ndss-paper/coconut-threshold-issuance-selective-disclosure-credentials-with-applications-to-distributed-ledgers/}
}

@inproceedings{acar2011revocation,
  author    = {Tolga Acar and Lan Nguyen},
  title     = {Revocation for Delegatable Anonymous Credentials},
  booktitle = {PKC 2011},
  series    = {LNCS},
  volume    = {6571},
  pages     = {423--440},
  publisher = {Springer},
  year      = {2011},
  url       = {https://www.iacr.org/archive/pkc2011/65710436/65710436.pdf},
  doi       = {10.1007/978-3-642-19379-8_26}
}

@inproceedings{tsang2008perea,
  author    = {Patrick P. Tsang and Man Ho Au and Apu Kapadia and Sean W. Smith},
  title     = {PEREA: Towards Practical TTP-Free Revocation in Anonymous Authentication},
  booktitle = {ACM CCS 2008},
  pages     = {333--343},
  publisher = {ACM},
  year      = {2008},
  doi       = {10.1145/1455770.1455813},
  url       = {https://cs.dartmouth.edu/~sws/pubs/perea-ccs08.pdf}
}

@article{PoPETS:KruPaiRujKan24,
  author  = {Evan Krul and Hye-young Paik and Sushmita Ruj and Salil S. Kanhere},
  title   = {SoK: Trusting Self-Sovereign Identity},
  journal = {Proceedings on Privacy Enhancing Technologies (PoPETs)},
  volume  = {2024},
  number  = {4},
  pages   = {60--85},
  year    = {2024},
  url     = {https://petsymposium.org/popets/2024/popets-2024-0079.pdf},
  doi     = {10.56553/popets-2024-0079}
}
@inproceedings{BBS:BBSS16,
  author    = {Eli Ben{-}Sasson and Alessandro Chiesa and Christina Garman and Matthew Green and Ian Miers and Eran Tromer},
  title     = {Scalable Zero Knowledge via Cycles of Elliptic Curves},
  booktitle = {ACM CCS 2016},
  pages     = {276--290},
  publisher = {ACM},
  year      = {2016},
  doi       = {10.1145/2976749.2978300},
  url       = {https://www.iacr.org/archive/ccs2016/2976749/2978300.pdf}
}

@article{NIST:Grassi17,
  author  = {Grassi, Paul A and Garcia, Michael E and Fenton, James L},
  month   = {06},
  title   = {Digital Identity Guidelines},
  doi     = {10.6028/nist.sp.800-63-3},
  url     = {https://nvlpubs.nist.gov/nistpubs/SpecialPublications/NIST.SP.800-63-3.pdf},
  year    = {2017},
  journal = {NIST Special Publication 800-63-3}
}

@techreport{EU:EUDI23,
  author      = {{European Commission}},
  title       = {The European Digital Identity Wallet Architecture and Reference Framework},
  institution = {European Commission},
  year        = {2023},
  url         = {https://digital-strategy.ec.europa.eu/en/library/european-digital-identity-wallet-architecture-and-reference-framework}
}

@techreport{IETF:FetYasCam25,
  author      = {Daniel Fett and Kristina Yasuda and Brian Campbell},
  title       = {Selective Disclosure for {JWTs} ({SD-JWT})},
  institution = {IETF OAuth WG},
  number      = {draft-ietf-oauth-selective-disclosure-jwt-22},
  year        = {2025},
  month       = {May},
  url         = {https://datatracker.ietf.org/doc/html/draft-ietf-oauth-selective-disclosure-jwt-22},
  note        = {Internet-Draft}
}

@misc{ISO:18013-5,
  author      = {International Organization for Standardization},
  month       = {09},
  title       = {ISO/IEC 18013-5:2021 Personal identification — ISO-compliant driving licence Part 5: Mobile driving licence (mDL) application},
  url         = {https://www.iso.org/standard/69084.html},
  year        = {2021},
  institution = {International Organization for Standardization}
}

@inproceedings{EC:TesZhu23,
  author    = {Stefano Tessaro and Chenzhi Zhu},
  title     = {Revisiting {BBS} Signatures},
  booktitle = {Advances in Cryptology – {EUROCRYPT} 2023},
  series    = {Lecture Notes in Computer Science},
  pages     = {691--721},
  publisher = {Springer},
  year      = {2023},
  doi       = {10.1007/978-3-031-30589-4_24},
  url       = {https://par.nsf.gov/servlets/purl/10477144}
}

@misc{EPRINT:WahTziSheThaWal17,
  author       = {Riad S. Wahby and Ioanna Tzialla and abhi shelat and Justin Thaler and Michael Walfish},
  title        = {Doubly-efficient {zkSNARKs} without trusted setup},
  howpublished = {Cryptology {ePrint} Archive, Paper 2017/1132},
  year         = {2017},
  url          = {https://eprint.iacr.org/2017/1132}
}

@article{JC:FeiShaBra88,
  author  = {Uriel Feige and Adi Shamir and Amos Fiat},
  title   = {Zero-knowledge proofs of identity},
  journal = {Journal of Cryptology},
  volume  = {1},
  number  = {2},
  pages   = {77--94},
  year    = {1988},
  doi     = {10.1007/BF02351717}
}

@techreport{w3c-vc-data-model-2,
  title       = {Verifiable Credentials Data Model v2.0},
  author      = {{World Wide Web Consortium (W3C)}},
  editor      = {Manu Sporny and Ted Thibodeau Jr. and Ivan Herman and Gabe Cohen and Michael B. Jones},
  institution = {World Wide Web Consortium (W3C)},
  type        = {W3C Recommendation},
  number      = {REC-vc-data-model-2.0},
  address     = {W3C},
  year        = {2025},
  month       = may,
  day         = {15},
  url         = {https://www.w3.org/TR/vc-data-model-2.0/},
  urldate     = {2025-08-27},
  note        = {Former editors: Grant Noble, Dave Longley, Daniel C. Burnett, Brent Zundel, Kyle Den Hartog}
}

@techreport{nist-sp800-63c,
  title       = {Digital Identity Guidelines: Federation and Assertions (NIST Special Publication 800-63C)},
  author      = {Paul A. Grassi and Justin P. Richer and Sarah K. Squire and James L. Fenton and Ellen M. Nadeau},
  institution = {National Institute of Standards and Technology (NIST)},
  type        = {NIST Special Publication 800-63C},
  number      = {SP 800-63C},
  location    = {Gaithersburg, MD},
  note        = {Includes updates as of 2020-03-02; Privacy Authors: Naomi B. Lefkovitz, Jamie M. Danker; Usability Authors: Yee-Yin Choong, Kristen K. Greene, Mary F. Theofanos},
  url         = {https://pages.nist.gov/800-63-3/sp800-63c.html},
  urldate     = {2025-08-27},
  year        = {2017},
  month       = {june},
}

@article{baum2024cryptographers,
  title={Cryptographers’ feedback on the eu digital identity’s ARF},
  author={Baum, Carsten and Blazy, Olivier and Camenisch, Jan and Hoepman, Jaap-Henk and Lee, Eysa and Lehmann, Anja and Lysyanskaya, Anna and Mayrhofer, Ren{\'e} and Montgomery, Hart and Nguyen, Ngoc Khanh and others},
  journal={Tech. Rep.},
  year={2024}
}

@misc{cryptoeprint:2025/513,
      author = {Rutchathon Chairattana-Apirom and Franklin Harding and Anna Lysyanskaya and Stefano Tessaro},
      title = {Server-Aided Anonymous Credentials},
      howpublished = {Cryptology {ePrint} Archive, Paper 2025/513},
      year = {2025},
      url = {https://eprint.iacr.org/2025/513}
}